@inproceedings{li2020shall,
  title={Where shall we log? studying and suggesting logging locations in code blocks},
  author={Li, Zhenhao and Chen, Tse-Hsun and Shang, Weiyi},
  booktitle={Proceedings of the 35th IEEE/ACM International Conference on Automated Software Engineering},
  pages={361--372},
  year={2020}
}
@article{JSYJ2024031400B,
author = {  章一磊 and     张广泽 and     龚声望 and 苑淑晴},
title = {FMLogs:基于模板匹配的日志解析方法},
journal = {计算机应用研究},
 pages = {1-7},
issn = {1001-3695},
doi = {10.19734/j.issn.1001-3695.2023.12.0612}
}    
@Misc{pyc-cfg,

howpublished = {\url{https://github.com/shramos/pyc-cfg}},

note = {Accessed May 20, 2024},

title = {pyc-cfg},

author = {shramos}

}
@article{oliner2012advances,
  title={Advances and challenges in log analysis},
  author={Oliner, Adam and Ganapathi, Archana and Xu, Wei},
  journal={Communications of the ACM},
  volume={55},
  number={2},
  pages={55--61},
  year={2012},
  publisher={ACM New York, NY, USA}
}
@inproceedings{he2016experience,
  title={Experience report: System log analysis for anomaly detection},
  author={He, Shilin and Zhu, Jieming and He, Pinjia and Lyu, Michael R},
  booktitle={2016 IEEE 27th international symposium on software reliability engineering (ISSRE)},
  pages={207--218},
  year={2016},
  organization={IEEE}
}
@inproceedings{li2020swisslog,
  title={Swisslog: Robust and unified deep learning based log anomaly detection for diverse faults},
  author={Li, Xiaoyun and Chen, Pengfei and Jing, Linxiao and He, Zilong and Yu, Guangba},
  booktitle={2020 IEEE 31st International Symposium on Software Reliability Engineering (ISSRE)},
  pages={92--103},
  year={2020},
  organization={IEEE}
}
@inproceedings{zou2014improving,
  title={Improving log-based fault diagnosis by log classification},
  author={Zou, Deqing and Qin, Hao and Jin, Hai and Qiang, Weizhong and Han, Zongfen and Chen, Xueguang},
  booktitle={Network and Parallel Computing: 11th IFIP WG 10.3 International Conference, NPC 2014, Ilan, Taiwan, September 18-20, 2014. Proceedings 11},
  pages={446--458},
  year={2014},
  organization={Springer}
}
@manual{python310,
  title        = {Python 3.10},
  author       = {{Python Software Foundation}},
  year         = {2021},
  note         = {Python programming language version 3.10},
  url          = {https://www.python.org/downloads/release/python-3100/}
}
@manual{Clang12,
  title        = {Clang 12.0.0},
  author       = {{LLVM Project}},
  year         = {2021},
  note         = {Clang: a C language family frontend for LLVM},
  url          = {https://releases.llvm.org/12.0.0/tools/clang/docs/ReleaseNotes.html}
}
@manual{networkx,
  author       = {{Aric A. Hagberg and others}},
  title        = {NetworkX: Network Analysis in Python},
  year         = {2024},
  url = {\url{https://networkx.github.io/}},
  note         = {Version 2.6, available at \url{https://networkx.github.io/}}
}
@book{hopcroft2006,
  author    = {John E. Hopcroft and Rajeev Motwani and Jeffrey D. Ullman},
  title     = {Introduction to Automata Theory, Languages, and Computation},
  edition   = {3},
  year      = {2006},
  publisher = {Pearson}
}

